@article{black1973pricing,
  title={The Pricing of Options and Corporate Liabilities},
  author={Black, Fischer and Scholes, Myron},
  journal={Journal of Political Economy},
  year={1973}
}

@article{heston1993closed,
  title={A Closed-Form Solution for Options with Stochastic Volatility with Applications to Bond and Currency Options},
  author={Heston, Steven L.},
  journal={The Review of Financial Studies},
  year={1993}
}

@book{shreve2004stochastic,
  title={Stochastic Calculus for Finance II: Continuous-Time Models},
  author={Shreve, Steven E.},
  year={2004},
  publisher={Springer}
}
